<?xml version="1.0" encoding="UTF-8"?><record xmlns="http://www.loc.gov/MARC21/slim" xmlns:cinclude="http://apache.org/cocoon/include/1.0" xmlns:zs="http://www.loc.gov/zing/srw/">
  <leader>00938nz  a2200241n  4500</leader>
  <controlfield tag="001">n 2013216029</controlfield>
  <controlfield tag="003">DLC</controlfield>
  <controlfield tag="005">20140109043754.0</controlfield>
  <controlfield tag="008">140109n| azannaabn          |a aaa      </controlfield>
  <datafield tag="010" ind1=" " ind2=" ">
    <subfield code="a">n 2013216029</subfield>
  </datafield>
  <datafield tag="040" ind1=" " ind2=" ">
    <subfield code="a">DLC</subfield>
    <subfield code="b">eng</subfield>
    <subfield code="c">DLC</subfield>
    <subfield code="e">rda</subfield>
  </datafield>
  <datafield tag="046" ind1=" " ind2=" ">
    <subfield code="f">19800812</subfield>
  </datafield>
  <datafield tag="100" ind1="1" ind2=" ">
    <subfield code="a">Raśīda, Gulistām̐,</subfield>
    <subfield code="d">1980-</subfield>
  </datafield>
  <datafield tag="370" ind1=" " ind2=" ">
    <subfield code="a">Moradabad (India)</subfield>
    <subfield code="2">naf</subfield>
  </datafield>
  <datafield tag="370" ind1=" " ind2=" ">
    <subfield code="f">J. P. Nagar (India)</subfield>
  </datafield>
  <datafield tag="372" ind1=" " ind2=" ">
    <subfield code="a">Hindi literature</subfield>
    <subfield code="2">lcsh</subfield>
  </datafield>
  <datafield tag="373" ind1=" " ind2=" ">
    <subfield code="a">F.A. Degree College</subfield>
  </datafield>
  <datafield tag="374" ind1=" " ind2=" ">
    <subfield code="a">Professor in Hindi</subfield>
  </datafield>
  <datafield tag="375" ind1=" " ind2=" ">
    <subfield code="a">female</subfield>
  </datafield>
  <datafield tag="377" ind1=" " ind2=" ">
    <subfield code="a">hin</subfield>
  </datafield>
  <datafield tag="400" ind1="0" ind2=" ">
    <subfield code="a">Gulistām̐ Raśīda,</subfield>
    <subfield code="d">1980-</subfield>
  </datafield>
  <datafield tag="400" ind1="1" ind2=" ">
    <subfield code="a">Rasheed, Gulistan,</subfield>
    <subfield code="d">1980-</subfield>
  </datafield>
  <datafield tag="670" ind1=" " ind2=" ">
    <subfield code="a">Bhagavatī Caraṇa Varmā ke upanyāsoṃ kā samājaśāstrīya adhyayana, 2012:</subfield>
    <subfield code="b">title page (Ḍô. Gulistām̐ Raśīda) title page verso (Gulistan Rasheed) back cover (M.A., Hindi, Ph. D.; associate professor in Hindi Department of F.A. Degree College, J.P. Nagar; born 12 August, 1980 at Moradabad)</subfield>
  </datafield>
</record>